<?xml version="1.0" encoding="UTF-8"?><record xmlns="http://www.loc.gov/MARC21/slim" xmlns:cinclude="http://apache.org/cocoon/include/1.0" xmlns:zs="http://www.loc.gov/zing/srw/">
  <leader>00599nz  a2200157n  4500</leader>
  <controlfield tag="001">no 99050274 </controlfield>
  <controlfield tag="003">DLC</controlfield>
  <controlfield tag="005">19990716051116.2</controlfield>
  <controlfield tag="008">990715n| acannaabn          |n aaa     c</controlfield>
  <datafield tag="010" ind1=" " ind2=" ">
    <subfield code="a">no 99050274 </subfield>
  </datafield>
  <datafield tag="035" ind1=" " ind2=" ">
    <subfield code="a">(OCoLC)oca05026910 </subfield>
  </datafield>
  <datafield tag="040" ind1=" " ind2=" ">
    <subfield code="a">InU</subfield>
    <subfield code="c">InU</subfield>
  </datafield>
  <datafield tag="100" ind1="1" ind2=" ">
    <subfield code="a">Daura, Martha R.</subfield>
    <subfield code="q">(Martha Randolph)</subfield>
  </datafield>
  <datafield tag="670" ind1=" " ind2=" ">
    <subfield code="a">Pierre Daura (1896-1976), c1997:</subfield>
    <subfield code="b">credits (Martha R. Daura)</subfield>
  </datafield>
  <datafield tag="670" ind1=" " ind2=" ">
    <subfield code="a">Daura Gallery information WWW home page, July 7, 1999</subfield>
    <subfield code="b">(Martha Randolph Daura)</subfield>
  </datafield>
  <datafield tag="670" ind1=" " ind2=" ">
    <subfield code="a">Pierre Daura, his life and work WWW home page, July 7, 1999</subfield>
    <subfield code="b">(Martha R. Daura; b. Sept., 1930, St. Cirq-Lapopie, France)</subfield>
  </datafield>
</record>